
@MISC{aboutOLevel,	
	AUTHOR = "{Singapore Examinations and Assessment Board}",
 	TITLE = "About GCE O-Level",
 	YEAR = "2018",
 	HOWPUBLISHED = "Website",
 	NOTE  = "Available online:
                  \url{https://www.seab.gov.sg/home/examinations/gce-o-level/about-gce-o-level};
                  last accessed 18/4/2019"
}

@MISC{schoolSystem,	
	AUTHOR = "{Ministry of Education Singapore}",
 	TITLE = "Education System",
 	YEAR = "2018",
 	HOWPUBLISHED = "Website",
 	NOTE  = "Available online:
                  \url{https://www.moe.gov.sg/education/education-systeml};
                  last accessed 18/4/2019"
}

@MISC{nypCourses,	
	AUTHOR = "{Nanyang Polytechnic}",
 	TITLE = "Full Time Diploma Courses",
 	YEAR = "2018",
 	HOWPUBLISHED = "Website",
 	NOTE  = "Available online:
                  \url{https://www.nyp.edu.sg/schools/sit.html};
                  last accessed 22/4/2019"
}
